<?xml version="1.0" encoding="UTF-8"?><collection xmlns="http://www.loc.gov/MARC21/slim"><record><leader>00431nam--2200169-i-4500</leader><controlfield tag="001">000022572</controlfield><controlfield tag="002">20161230</controlfield><controlfield tag="005">20170304154017</controlfield><controlfield tag="008">060222s1000------------r-----000-0-eng-d</controlfield><datafield ind1=" " ind2=" " tag="080"><subfield code="a">517</subfield></datafield><datafield ind1=" " ind2=" " tag="100"><subfield code="a">Isaacson, Eugene</subfield></datafield><datafield ind1=" " ind2=" " tag="245"><subfield code="a">Analysis of numerical methods</subfield></datafield><datafield ind1=" " ind2=" " tag="260"><subfield code="a">New York</subfield><subfield code="b">John Wiley &amp; Sons,Inc</subfield><subfield code="c">1966</subfield></datafield><datafield ind1=" " ind2=" " tag="300"><subfield code="a">XV+541 p</subfield></datafield><datafield ind1=" " ind2=" " tag="700"><subfield code="a">Keller, Herbert Bishop</subfield></datafield><datafield ind1=" " ind2=" " tag="852"><subfield code="a">25066</subfield><subfield code="c">517</subfield></datafield><datafield ind1=" " ind2=" " tag="CAT"><subfield code="a">SYS</subfield><subfield code="c">20170304</subfield><subfield code="h">154017</subfield></datafield></record></collection>